@article{greenwade93,
  author  = {George D. Greenwade},
  title   = {The Comprehensive TeX Archive Network (CTAN)},
  journal = {TUGBoat},
  year    = {1993},
  volume  = {14},
  number  = {3},
  pages   = {342--351}
}


@article{atasoy2025,
  author    = {Arzu Atasoy and Saieed Moslemi Nezhad Arani},
  title     = {ChatGPT: A reliable assistant for the evaluation of students' written texts?},
  journal   = {Education and Information Technologies},
  year      = {2025},
  publisher = {Springer},
  doi       = {10.1007/s10639-025-13553-1},
  url       = {https://doi.org/10.1007/s10639-025-13553-1}
}

@article{mchugh2012,
  title        = {Interrater reliability: the kappa statistic},
  author       = {McHugh, Mary L.},
  journal      = {Biochemia Medica},
  volume       = {22},
  number       = {3},
  pages        = {276--282},
  year         = {2012},
  publisher    = {Croatian Society of Medical Biochemistry and Laboratory Medicine},
  doi          = {10.11613/BM.2012.031},
  pmid         = {23092060},
  pmcid        = {PMC3900052},
  url          = {https://www.ncbi.nlm.nih.gov/pmc/articles/PMC3900052/}
}


@article{cohen1960,
  title={A coefficient of agreement for nominal scales},
  author={Cohen, Jacob},
  journal={Educational and Psychological Measurement},
  volume={20},
  number={1},
  pages={37--46},
  year={1960},
  publisher={SAGE Publications},
  doi={10.1177/001316446002000104}
}

@book{gwet2014,
  title     = {Handbook of Inter-Rater Reliability: The Definitive Guide to Measuring the Extent of Agreement Among Raters},
  author    = {Gwet, Kilem L.},
  year      = {2014},
  edition   = {4},
  publisher = {Advanced Analytics, LLC},
  address   = {Gaithersburg, MD},
  isbn      = {978-0-9708062-8-4}
}

@book{luckin2016AI,
  title     = {Intelligence Unleashed: An Argument for AI in Education},
  author    = {Luckin, Rose and Holmes, Wayne and Griffiths, Mark and Forcier, Lauralee},
  year      = {2016},
  publisher = {Pearson Education},
  address   = {London},
  url       = {https://www.pearson.com/uk/educators/schools/news/intelligence-unleashed.html}
}

@book{holmes2021AI,
  title     = {Artificial Intelligence in Education: Promises and Implications for Teaching and Learning},
  author    = {Holmes, Wayne and Bialik, Maya and Fadel, Charles},
  year      = {2021},
  publisher = {Center for Curriculum Redesign},
  address   = {Boston, MA},
  url       = {https://curriculumredesign.org/artificial-intelligence-in-education/}
}

@book{pellegrino2001k,
  title     = {Knowing What Students Know: The Science and Design of Educational Assessment},
  author    = {{National Research Council}},
  editor    = {Pellegrino, James W. and Chudowsky, Naomi and Glaser, Robert},
  year      = {2001},
  publisher = {National Academies Press},
  address   = {Washington, DC},
  doi       = {10.17226/10019},
  url       = {https://nap.nationalacademies.org/catalog/10019/knowing-what-students-know-the-science-and-design-of-educational}
}

@misc{FERPA,
  author       = {{U.S. Department of Education}},
  title        = {Family Educational Rights and Privacy Act (FERPA)},
  year         = {n.d.},
  howpublished = {\url{https://studentprivacy.ed.gov/ferpa}},
  note         = {Accessed: 2025-05-08}
}


@article{cronbachalpha,
  author  = {Cronbach, Lee J.},
  title   = {Coefficient alpha and the internal structure of tests},
  journal = {Psychometrika},
  volume  = {16},
  number  = {3},
  pages   = {297--334},
  year    = {1951},
  doi     = {10.1007/BF02310555}
}

@article{wang2025,
  title={LLMs can Perform Multi-Dimensional Analytic Writing Assessments: A Case Study of L2 Graduate-Level Academic English Writing},
  author={Wang, Zhengxiang and Makarova, Veronika and Li, Zhi and Kodner, Jordan and Rambow, Owen},
  journal={arXiv preprint arXiv:2502.11368},
  year={2025},
  url={https://arxiv.org/abs/2502.11368}
}

@article{li2025,
  title={Single-Agent vs. Multi-Agent LLM Strategies for Automated Student Reflection Assessment},
  author={Li, Gen and Chen, Li and Tang, Cheng and Švábenský, Valdemar and Deguchi, Daisuke and Yamashita, Takayoshi and Shimada, Atsushi},
  journal={arXiv preprint arXiv:2504.05716},
  year={2025},
  url={https://arxiv.org/abs/2504.05716}
}
